<?xml version="1.0" encoding="UTF-8"?>
<marc:collection xmlns:marc="http://www.loc.gov/MARC21/slim" xmlns:xsi="http://www.w3.org/2001/XMLSchema-instance" xsi:schemaLocation="http://www.loc.gov/MARC21/slim http://www.loc.gov/standards/marcxml/schema/MARC21slim.xsd">
   <marc:record type="Bibliographic">
      <marc:leader>00761cam a22002055  4500</marc:leader>
      <marc:controlfield tag="001">2954786</marc:controlfield>
      <marc:controlfield tag="003">NjP</marc:controlfield>
      <marc:controlfield tag="005">20100713112431.0</marc:controlfield>
      <marc:controlfield tag="008">000221s1958    ir            000 0 ara d</marc:controlfield>
      <marc:datafield tag="024" ind1="7" ind2=" ">
         <marc:subfield code="a">princeton_aco000570</marc:subfield>
         <marc:subfield code="2">local</marc:subfield>
      </marc:datafield>
      <marc:datafield tag="035" ind1=" " ind2=" ">
         <marc:subfield code="a">(OCoLC)ocm43492325</marc:subfield>
      </marc:datafield>
      <marc:datafield tag="035" ind1=" " ind2=" ">
         <marc:subfield code="9">CPJ6645TS</marc:subfield>
      </marc:datafield>
      <marc:datafield tag="040" ind1=" " ind2=" ">
         <marc:subfield code="a">PUL</marc:subfield>
         <marc:subfield code="c">PUL</marc:subfield>
      </marc:datafield>
      <marc:datafield tag="100" ind1="1" ind2=" ">
         <marc:subfield code="a">Āmulī, Muḥammad Taqī ibn Muḥammad,</marc:subfield>
         <marc:subfield code="d">1886 or 7-</marc:subfield>
      </marc:datafield>
      <marc:datafield tag="245" ind1="1" ind2="0">
         <marc:subfield code="a">Durar al-fawāʾid ... wa-huwa taʻlīqah ʻalā Sharḥ al-Manẓūmah lil-Sabzavārī.</marc:subfield>
      </marc:datafield>
      <marc:datafield tag="260" ind1=" " ind2=" ">
         <marc:subfield code="a">Tehran,</marc:subfield>
         <marc:subfield code="b">Markaz-i Nashr-i Kitāb</marc:subfield>
         <marc:subfield code="c">[1377 [1958]]</marc:subfield>
      </marc:datafield>
      <marc:datafield tag="300" ind1=" " ind2=" ">
         <marc:subfield code="a">2 v.</marc:subfield>
         <marc:subfield code="c">23 cm.</marc:subfield>
      </marc:datafield>
      <marc:datafield tag="546" ind1=" " ind2=" ">
         <marc:subfield code="a">In Arabic.</marc:subfield>
      </marc:datafield>
      <marc:datafield tag="600" ind1="1" ind2="0">
         <marc:subfield code="a">Sabzavārī, Hādī ibn Mahdī,</marc:subfield>
         <marc:subfield code="d">b. 1797 or 8.</marc:subfield>
         <marc:subfield code="t">Manẓūmah.</marc:subfield>
      </marc:datafield>
      <marc:datafield tag="852" ind1="0" ind2=" ">
         <marc:subfield code="b">nec</marc:subfield>
         <marc:subfield code="h">B753.S233</marc:subfield>
         <marc:subfield code="i">M369 1958</marc:subfield>
         <marc:subfield code="p">3269599</marc:subfield>
         <marc:subfield code="x">reclassed from: 2473.879.558.1958</marc:subfield>
      </marc:datafield>
      <marc:datafield tag="945" ind1=" " ind2=" ">
         <marc:subfield code="a">SY</marc:subfield>
         <marc:subfield code="b">1</marc:subfield>
         <marc:subfield code="c">2473.879.558.1958</marc:subfield>
         <marc:subfield code="e">v.1-2</marc:subfield>
      </marc:datafield>
      <marc:datafield tag="911" ind1=" " ind2=" ">
         <marc:subfield code="a">20000402</marc:subfield>
      </marc:datafield>
   </marc:record>
</marc:collection>
